@string{AGU = "Amer.\ Geophys.\ Union"}
@string{AnnRevES = "Ann.\ Rev.\ Earth Planet.\ Sci."}
@string{AnnRevFM = "Ann.\ Rev.\ Fluid Mech."}
@string{AJS = "Am.\ J.\ Sci."} 
@string{BSSA = "Bull.\ Seis.\ Soc.\ Am."}
@string{ChemGeol = "Chem.\ Geol."}
@string{CMP = "Contrib.\ Mineral.\ Petrol."}
@string{EOS = "EOS Trans.\ AGU"}
@string{EPSL = "Earth Planet.\ Sci.\ Lett."}
@string{GCA = "Geochim.\ Cosmochim.\ Acta"}
@string{GJI = "Geophys.\ J.\ Int."}
@string{GJRAS = "Geophys.\ J.\ R.\ Astron.\ Soc."}
@string{GAFD = "Geophys.\ Astrophys.\ Fluid Dynamics."}
@string{GRL = "Geophys.\ Res.\ Lett."}
@string{GSAB = "Geol.\ Soc.\ Am.\ Bull."}
@string{G3 = "Geochem.\ Geophys.\ Geosyst."}
@string{JAS = "J.\ Atmos.\ Sci."}
@string{JCL = "J.\ Climate Letts."}
@string{JClim = "J.\ Climate"}
@string{JFM = "J.\ Fluid Mech."}
@string{JGR = "J.\ Geophys.\ Res."}
@string{JGeol = "J.\ Geol."}
@string{JPet = "J.\ Petrol."}
@string{JCompPhys = "J.\ Comput.\ Phys."}
@string{MinMag = "Mineral.\ Mag."}
@string{MWR = "Month.\ Wea.\ Rev."}
@string{PEPI  = "Phys.\ Earth Planet.\ In."} 
@string{PhilTrans  = "Philos.\ Trans.\ R.\ Soc.\ London, Ser.\ A"} 
@string{PhilTransB  = "Philos.\ Trans.\ R.\ Soc.\ London, Ser.\  B"} 
@string{PRA  = "Phys.\ Rev.\ A"} 
@string{PRL  = "Phys.\ Rev.\ Letts."} 
@string{RevGeophys  = "Rev.\ Geophys."} 
@string{SIAMJSC  = "SIAM J.\ Sci.\ Comput."} 
@string{WRR = "Water Resour.\ Res."}  

@article{BlankenbachGJI1989,
  author = {Blankenbach, B. and Busse, F. and Christensen, U. and Cserepes, L. and Gunkel, D. and Hansen, U. and Harder, H. and Jarvis, G. and Koch, M. and Marquart, G. and Moore, D. and Olson, P. and Schmeling, H and Schnaubelt, T.},
  title =  {A benchmark comparison for mantle convection codes},
  year = 1989,
  journal =  GJI, 
  volume = 98,
  pages = {23-38},
  doi = {10.1111/j.1365-246X.1989.tb05511.x}
}

@Article{VattevilleG32009,
  author = {Vatteville, J. and P. E. van Keken and A. Limare and A. Davaille},
  year = 2009, 
  title = "Starting laminar plumes: Comparison of laboratory and numerical modeling",
  journal = G3,
  volume = 10, 
  pages = "Q12013",
  doi = {10.1029/2009GC002739},
}

@article{KingGJI2010,
Author = {King, Scott D. and Lee, Changyeol and van Keken, Peter E. and Leng, Wei
   and Zhong, Shijie and Tan, Eh and Tosi, Nicola and Kameyama, Masanori C.},
Title = {{A community benchmark for 2-D Cartesian compressible convection in the
   Earth's mantle}},
Journal = {{Geophysical Journal International}},
Year = {{2010}},
Volume = {{180}},
Number = {{1}},
Pages = {{73-87}},
Month = {{JAN}},
DOI = {10.1111/j.1365-246X.2009.04413.x},
ISSN = {{0956-540X}},
Unique-ID = {{ISI:000272885200006}},
}

@Article{VanKekenPEPI2008,
  author =	 {van Keken,P and Claire Currie and Scott D King and
                  Mark Behn and Amandine Cagnioncle and John He and
                  Richard F Katz and Shu-Chuan Lin and E Marc
                  Parmentier and Marc Spiegelman and Kelin Wang},
  title =	 {A community benchmark for subduction zone modeling},
  journal =	 PEPI,
  year =	 2008,
  volume =	 {{171}},
  number =	 {{1-4, Sp. Iss. SI}},
  pages =	 {{187-197}},
}


@article{KramerPEPI2012,
title = "An implicit free surface algorithm for geodynamical simulations",
journal = "Physics of the Earth and Planetary Interiors",
volume = "194-195",
number = "0",
pages = "25 - 37",
year = "2012",
note = "",
issn = "0031-9201",
doi = "10.1016/j.pepi.2012.01.001",
author = "Stephan C. Kramer and Cian R. Wilson and D. Rhodri Davies",
keywords = "Free surface",
keywords = "Topography",
keywords = "Dynamics of lithosphere and mantle",
keywords = "Tectonics and landscape evolution",
keywords = "Numerical methods and analysis"
}

@article{simpson_solitary_2011,
	title = {Solitary Wave Benchmarks in Magma Dynamics},
	issn = {0885-7474},
	doi = {10.1007/s10915-011-9461-y},
	journal = {Journal of Scientific Computing},
	author = {Simpson, G. and Spiegelman, M.},
	month = jan,
	year = {2011},
	file = {fulltext-15.pdf:/Users/mspieg/Library/Application Support/Firefox/Profiles/nlmrow2s.default/zotero/storage/T7X8MQI5/fulltext-15.pdf:application/pdf;SpringerLink - Journal of Scientific Computing, Online First™:/Users/mspieg/Library/Application Support/Firefox/Profiles/nlmrow2s.default/zotero/storage/THV4GD5F/e1k667647k484142.html:text/html}
},

@Book{SchubertCUP2001,
    author = {Schubert, G. and Turcotte, D. L. and Olson, P.},
    publisher = {Cambridge Univ Press},
    title = {Mantle Convection in the Earth and Planets},
    year = {2001}
},

@article{Zhong1996,
abstract = {In mantle convection models, the top surface is traditionally approximated as a free-slip boundary, and the dynamic topography is obtained by assuming that the normal stress on the free-slip boundary is compensated instantaneously through surface deformation. It has already been shown that this approximation is-'valid for long-wavelength topography. Based on both viscous and viscoelastic models with a free surface, we have found that the characteristic time for topographic growth is comparable to the timescales of mantle convection (∼106 year) for short and intermediate wavelengths (103 km or less) and/or a high effective lithospheric viscosity (> 1024 Pa s). This suggests that the topography is history-dependent under these conditions and that a free-surface formulation is required to study the topography at these wavelengths.},
author = {Zhong, Shijie and Gurnis, Michael and Moresi, Louis},
doi = {10.1111/j.1365-246X.1996.tb04049.x},
file = {:home/cwilson/Dropbox/Mendeley/Zhong, Gurnis, Moresi/1996/Geophysical Journal International/Zhong, Gurnis, Moresi\_1996\_Geophysical Journal International.pdf:pdf},
issn = {1365-246X},
journal = {Geophysical Journal International},
keywords = {geoid,mantle convection,plume,rheology,topography},
language = {en},
mendeley-tags = {geoid,mantle convection,plume,rheology,topography},
month = dec,
number = {3},
pages = {708--718},
title = {{Free-‐surface formulation of mantle convection—I. Basic theory and application to plumes}},
volume = {127},
year = {1996}
},

@article{Busse1993,
	title = {3{D} convection at infinite Prandtl number in Cartesian geometry - a benchmark comparison},
	volume = {75},
	doi = {10.1080/03091929408203646},
	journal = {Geophysical and Astrophysical Fluid Dynamics},
	author = {Busse, F.H. and Christensen, U. and Clever, R. and Cserepes, L. and Gable, C. and Giannandrea, E. and Guillou, L. and Houseman, G. and Nataf, H.C. and Ogawa, M. and Parmentier, M. and Sotin, C. and Travis, B.},
	year = {1993},
	pages = {39--59},
}

